<?xml version="1.0" encoding="UTF-8"?><collection xmlns="http://www.loc.gov/MARC21/slim"><record><leader>00675nam--2200217-u-4500</leader><controlfield tag="001">000050676</controlfield><controlfield tag="002">20161230</controlfield><controlfield tag="005">20161230201048</controlfield><controlfield tag="008">080311s1000------------r-----000-0-eng-d</controlfield><datafield ind1=" " ind2=" " tag="020"><subfield code="a">0-226-87027-8</subfield></datafield><datafield ind1=" " ind2=" " tag="040"><subfield code="a">IFIN-HH</subfield></datafield><datafield ind1=" " ind2=" " tag="080"><subfield code="a">530.145(531.111:524.882)</subfield></datafield><datafield ind1="1" ind2=" " tag="100"><subfield code="a">Wald,Robert,M</subfield></datafield><datafield ind1="1" ind2="0" tag="245"><subfield code="a">Quantum Fiel Theory in Curved Spacetime and Black Hole Thermodynamics</subfield><subfield code="c">Robert M. Wald</subfield></datafield><datafield ind1=" " ind2=" " tag="260"><subfield code="a">Chicago</subfield><subfield code="b">University of Chicago Press</subfield><subfield code="c">1994</subfield></datafield><datafield ind1=" " ind2=" " tag="300"><subfield code="a">205 p</subfield></datafield><datafield ind1=" " ind2=" " tag="490"><subfield code="a">Chicago Lectures in Physics</subfield></datafield><datafield ind1=" " ind2=" " tag="504"><subfield code="a">Includes Bibliographical References and Index</subfield></datafield><datafield ind1=" " ind2="4" tag="650"><subfield code="a">Quantum Fields in Curved Spacetime</subfield></datafield><datafield ind1=" " ind2=" " tag="852"><subfield code="c">530145</subfield></datafield><datafield ind1=" " ind2=" " tag="CAT"><subfield code="a">Sys</subfield><subfield code="c">20110404</subfield><subfield code="h">151453</subfield></datafield></record></collection>